<record xmlns:xsi="http://www.w3.org/2001/XMLSchema-instance" xmlns="http://www.loc.gov/MARC21/slim" xsi:schemaLocation="http://www.loc.gov/MARC21/slim http://www.loc.gov/standards/marcxml/schema/MARC21slim.xsd">

  <leader>00778nam a2200241Ia 4500</leader>
  <datafield ind1=" " ind2=" " tag="999">
    <subfield code="c">1557</subfield>
    <subfield code="d">1557</subfield>
  </datafield>
  <controlfield tag="008">170228b1999    cr a|||| |||| 00| | spa d</controlfield>
  <datafield ind1=" " ind2=" " tag="090">
    <subfield code="a">06.02.01 </subfield>
    <subfield code="b">493</subfield>
  </datafield>
  <datafield tag="100" ind2=" " ind1=" ">
    <subfield code="9">3673</subfield>
    <subfield code="a">Arias Tencio, Floria</subfield>
  </datafield>
  <datafield ind1="1" ind2="0" tag="245">
    <subfield code="a">Manual de Educación Intercultural / </subfield>
    <subfield code="c">Floria Arias, Nuria Badilla, Catalina Devandas, Ixel Quesada, compilador/as</subfield>
  </datafield>
  <datafield tag="260" ind1=" " ind2=" ">
    <subfield code="a">San José, Costa Rica. : </subfield>
    <subfield code="b">AFS, </subfield>
    <subfield code="c">1999</subfield>
  </datafield>
  <datafield ind1=" " ind2=" " tag="300">
    <subfield code="a">157 páginas</subfield>
  </datafield>
  <datafield ind1="1" ind2="4" tag="650">
    <subfield code="a">EDUCACIÓN</subfield>
    <subfield code="9">1</subfield>
  </datafield>
  <datafield tag="650" ind1="1" ind2="4">
    <subfield code="a">CULTURA </subfield>
    <subfield code="9">378</subfield>
  </datafield>
  <datafield tag="650" ind1="1" ind2="4">
    <subfield code="a">RELACIONES HUMANAS</subfield>
    <subfield code="9">1874</subfield>
  </datafield>
  <datafield tag="650" ind1="1" ind2="4">
    <subfield code="a">TOLERANCIA</subfield>
    <subfield code="9">2482</subfield>
  </datafield>
  <datafield tag="650" ind1="1" ind2="4">
    <subfield code="a">EDUCACIÓN INTERCULTURAL </subfield>
    <subfield code="9">485</subfield>
  </datafield>
  <datafield ind2="4" ind1="1" tag="650">
    <subfield code="a">TRABAJO EN GRUPO</subfield>
    <subfield code="9">1295</subfield>
  </datafield>
  <datafield tag="650" ind2="4" ind1="1">
    <subfield code="a">NIÑOS</subfield>
    <subfield code="9">59</subfield>
  </datafield>
  <datafield tag="700" ind1="1" ind2=" ">
    <subfield code="9">2483</subfield>
    <subfield code="a">Badilla, Nuria</subfield>
  </datafield>
  <datafield tag="700" ind1="1" ind2=" ">
    <subfield code="9">2484</subfield>
    <subfield code="a">Devandas, Catalina</subfield>
  </datafield>
  <datafield ind2=" " ind1="1" tag="700">
    <subfield code="9">2485</subfield>
    <subfield code="a">Quesada, Ixel</subfield>
  </datafield>
  <datafield ind2=" " ind1=" " tag="942">
    <subfield code="2">z</subfield>
    <subfield code="c">01</subfield>
  </datafield>
</record>